@phdthesis{Tob10,
  author = {Tobin-Hochstadt, Sam},
  title = {Typed Scheme: From Scripts to Programs},
  school = {Northeastern University},
  year =   2010
}

@article{Bra98,
  author = {Bracha, Gilad and Odersky, Martin and Stoutamire, David and Wadler, Philip},
  title = {Making the future safe for the past: adding genericity to the Java programming language},
  journal = {SIGPLAN Not.},
  issue_date = {Oct. 1998},
  volume = {33},
  number = {10},
  month = oct,
  year = {1998},
  issn = {0362-1340},
  pages = {183--200},
  numpages = {18},
  url = {http://doi.acm.org/10.1145/286942.286957},
  doi = {10.1145/286942.286957},
  acmid = {286957},
  publisher = {ACM},
  address = {New York, NY, USA},
} 

@article{TF08,
  author = {Tobin-Hochstadt, Sam and Felleisen, Matthias},
  title = {The design and implementation of typed scheme},
  journal = {SIGPLAN Not.},
  issue_date = {January 2008},
  volume = {43},
  number = {1},
  month = jan,
  year = {2008},
  issn = {0362-1340},
  pages = {395--406},
  numpages = {12},
  url = {http://doi.acm.org/10.1145/1328897.1328486},
  acmid = {1328486},
  publisher = {ACM},
  address = {New York, NY, USA},
  keywords = {scheme, type systems}
}

@article{TF10,
  author = {Tobin-Hochstadt, Sam and Felleisen, Matthias},
  title = {Logical types for untyped languages},
  journal = {SIGPLAN Not.},
  issue_date = {September 2010},
  volume = {45},
  number = {9},
  month = sep,
  year = {2010},
  issn = {0362-1340},
  pages = {117--128},
  numpages = {12},
  url = {http://doi.acm.org/10.1145/1932681.1863561},
  acmid = {1863561},
  publisher = {ACM},
  address = {New York, NY, USA},
  keywords = {logic, type systems, untyped languages},
} 
